<?xml version="1.0" encoding="UTF-8"?><collection><record><leader>12757ntm a2200901 a 4500</leader><controlfield tag="001">006813938</controlfield><controlfield tag="003">MiAaHDL</controlfield><controlfield tag="005">20190719000000.0</controlfield><controlfield tag="006">m        d        </controlfield><controlfield tag="007">cr bn ---auaua</controlfield><controlfield tag="008">090608s1696    xx            00| ||ota d</controlfield><datafield tag="035" ind1=" " ind2=" "><subfield code="a">(MiU)006813938</subfield></datafield><datafield tag="035" ind1=" " ind2=" "><subfield code="a">sdr-miu006813938</subfield></datafield><datafield tag="040" ind1=" " ind2=" "><subfield code="a">MiU</subfield><subfield code="c">MiU</subfield><subfield code="e">amremm</subfield></datafield><datafield tag="041" ind1="0" ind2=" "><subfield code="a">ota</subfield><subfield code="a">ara</subfield></datafield><datafield tag="043" ind1=" " ind2=" "><subfield code="a">n-us-mi</subfield></datafield><datafield tag="100" ind1="0" ind2=" "><subfield code="6">880-01</subfield><subfield code="a">İsmail Ankaravî,</subfield><subfield code="d">-1631 or 1632.</subfield></datafield><datafield tag="245" ind1="1" ind2="0"><subfield code="6">880-02</subfield><subfield code="a">[Zübdetü'l-fuhûs fî Nakşi'l-Fusûs ...etc.,</subfield><subfield code="f">ca. 1107, i.e. 1696].</subfield></datafield><datafield tag="246" ind1="3" ind2=" "><subfield code="i">Title in Hadīyat al-ʻārifīn:</subfield><subfield code="a">زبدة الفحوص في شرح نقش الفحوص</subfield></datafield><datafield tag="246" ind1="3" ind2=" "><subfield code="i">Title from inscription on upper board lining:</subfield><subfield code="a">زبدة الفحوص</subfield></datafield><datafield tag="246" ind1="3" ind2=" "><subfield code="a">Zubdat al-fuḥūṣ fī Naqsh al-Fuṣūṣ</subfield></datafield><datafield tag="246" ind1="3" ind2=" "><subfield code="a">Zübdet ül-fuhûs fî Nakş ül-Fusûs</subfield></datafield><datafield tag="260" ind1=" " ind2=" "><subfield code="c">[ca. 1696].</subfield></datafield><datafield tag="300" ind1=" " ind2=" "><subfield code="a">118 leaves :</subfield><subfield code="b">paper ;</subfield><subfield code="c">217 x 152 (145-150 x 66-73) mm.</subfield></datafield><datafield tag="500" ind1=" " ind2=" "><subfield code="a">Shelfmark: Ann Arbor, University of Michigan, Special Collections Library, Isl. Ms. 682</subfield></datafield><datafield tag="500" ind1=" " ind2=" "><subfield code="a">Origin: As appears in colophon on p.161, opening work copied by Derviş Mehmet ( Darwīsh Muḥammad / درويش محمد ) with transcription completed 11 Shawwāl 1107 [ca. 14 May 1696]. Transcription of other works likely completed around the same time, even early 18th century. Ijāzah (by the author, authorizing one Muḥammad ibn ʻUmar to transmit the work) at close of al-Ḥikam al-ʻirfānīyah dated 3 Muḥarram 970 [ca. 2 September 1562] in Mecca (possibly transcribed by the copyist verbatim from the exemplar).</subfield></datafield><datafield tag="500" ind1=" " ind2=" "><subfield code="a">Accompanying materials: a. Acquisitions slip from Yahuda -- b. Two inventory cataloguing slips in hand of Winifred Smeaton Thomas -- c. Insert carrying glosses (paginated pp.129-130) -- d. Scrap with note and seal impression (paginated pp.153-154).</subfield></datafield><datafield tag="500" ind1=" " ind2=" "><subfield code="a">Former shelfmark: From inscription on inner front cover and spine label, "IL 153" (likely supplied by Yahuda).</subfield></datafield><datafield tag="500" ind1=" " ind2=" "><subfield code="a">Binding: Pasteboards covered in laid paper (perhaps once marbled) with brown leather over edges/turn-ins (likely spine and fore edge flap as well, though now lost); Type II binding (with flap, though now lost) ; board linings in untinted laid paper ; sewn in heavy cream and magenta thread, six stations ; overall in quite poor condition with flap lost, severe abrasion and staining, lifting and losses of leather, paper and boards, delamination of boards, etc. ; repairs to spine in light brown leather ; housed in box for protection.</subfield></datafield><datafield tag="500" ind1=" " ind2=" "><subfield code="a">Support: European laid paper of several types ; mainly with 11 laid lines per cm. (vertical), chain lines spaced 25-26 mm. apart (horizontal), and watermarks of three hats (see p.10, 11, 214, 215, etc.) and scrollwork / arms with "P A" and/or balance [?] inside (see p.6, 15, etc.), thin and transluscent though sturdy, cream in color, well-burnished to glossy ; several other types including those with crown above grapes (raisin) watermark (see p.152, 155, etc.), "M F" (p.170, etc.), name (p.178, etc.), and grapes (p.180, 182, etc.) ; some moisture damage with losses of text (in some areas, resupplied, see p.63, etc.).</subfield></datafield><datafield tag="500" ind1=" " ind2=" "><subfield code="a">Decoration: Keywords, section headings and some abbreviation symbols (two-teeth stroke, some signes de renvoi, etc.) rubricated ; textual dividers in the form of red inverted commas, red discs, etc. ; some overlining in red.</subfield></datafield><datafield tag="500" ind1=" " ind2=" "><subfield code="a">Script: Nastaʻlīq (talik) and naskh ; three main Turkish hands ; Zübdetü'l-fuhûs in nastaʻlīq (talik) an elegant Turkish hand, characteristically serifless with effect of tilt to the right and of words descending to baseline, elongation and exaggerated thickness of horizontal strokes, letterforms characteristic of nastaʻlīq (talik) ; Silsiletü'z-zeheb and following menakıb (as well as many of the glosses throughout) supplied mainly in a clear Turkish naskh, partially but irregularly seriffed with slight effect of tilt to the left and of words descending to baseline, curvilinear descenders, pointing in strokes rather than distinct dots ; hand changes at p.170 to a similar but seemingly different Turkish naskh, more compact and in a thinner line, partially but irregularly seriffed (with right-sloping head-serif), some elongation of horizontal strokes, slight effect of words descending to baseline and of tilt to the left, free assimilation of letters ; final work supplied in still a different Turkish naskh, elegant, compact and serifless with slight effect of tilt to the left, curvilinear descenders, elongation of vertical strokes.</subfield></datafield><datafield tag="500" ind1=" " ind2=" "><subfield code="a">Layout: Written in 19, 21 and 25 lines per page ; frame-ruled (impression of ruling board evident).</subfield></datafield><datafield tag="500" ind1=" " ind2=" "><subfield code="a">Collation: 7 V(70), V-1 (79), V+1 (90), 2 V(110), V-2 (118) ; chiefly quinions ; catchwords present ; foliation in red and then black ink, Hindu-Arabic numerals ; pagination in pencil, Western numerals, supplied during digitization (includes some inserts).</subfield></datafield><datafield tag="500" ind1=" " ind2=" "><subfield code="a">Colophon: [Zübdetü'l-fuhûs] "Scribal," triangular, reads "الحمد لله على اتمام هذه النسخة الشريفة من يد احقر العباد درويش محمد في وقت الضحى من شوال المكرم في يوم الحادى عشر سنه سبع مائة والف غفر الله له ولوالديه واحسن اليهما واليه م م" ; [al-Ḥikam al-ʻirfānīyah] "Authorial," triangular, reads "... هذه الحكم العرفانية للشيخ محمد بن عمر واجزته ... وانا الفقير علي بن حسام الدين وكان ذلك في مكة المشرفة ضحوة يوم الخميس ثالث شهر الله الحرام المحرم من شهور سنة سبعين وتسعمائة والحمد لله رب العالمين والصلوة والسلام على سيدنا محمد واله اجمعين م"</subfield></datafield><datafield tag="500" ind1=" " ind2=" "><subfield code="a">Incipit: [Zübdetü'l-fuhûs] "حمد لا يعد ولا يحصى وشكر بى همتا وبى منتها اول عليم حكيم اولان خداى ذو العطايه كه فصوص قلوب ارباب خصوصى نقوش حكمت وزيب وزيور معرفت ايله مزين ومحلى قلوب ... اما بعد بو عليل وغليل وفقير وذليل اعنى شيخ اسمعيل المولوى الانقروى ... واول حضرتك اغمض تصنيفاتندن واجمل تأليفاتندن برى نقش فصوص ... اما اول حضرتك شرحى دخى الفاظ عربى وعبارات فارسى ايله اختلاط وامتزاج ايلدوكى اجلدن اكثر طالبه استنباط واستخراجى عسرت وصعوبتدن خالى دكلدر پس بو ذليل قليل البضاعة عبارت تركيده بر اسلوب جديد اوزره شرح وبيان ايتمكى ... وبوكا زبدة الفحوص في نقش الفصوص ديمكله نام ونشان ويردم ..." ; [Silsiletü'z-zeheb] "الحمد لله رب العالمين والصلاة والسلام على خير خلقه محمد واله اجمعين بو رساله اولدر كه طريق نقشبنديده اولان ويردلرين واجازتلرين بيان ايدر ..." ; [al-Ḥikam al-ʻirfānīyah] "الحمد لله رب العالمين والصلوة والسلام على سيدنا محمد خاتم الانبياء وسيد المرسلين واله وصحبه اجمعين اما بعد فيقول احقر عباد الله علي بن حسام الدين الشهير بالمتقي هذه حكم عرفانية في معان [معاني] ارشادية واشارات قرآنية ..."</subfield></datafield><datafield tag="500" ind1=" " ind2=" "><subfield code="a">Title supplied by cataloguer from inscription on 'title page' (p.1).</subfield></datafield><datafield tag="500" ind1=" " ind2=" "><subfield code="a">Ms. composite codex.</subfield></datafield><datafield tag="505" ind1="0" ind2=" "><subfield code="a">4. p.206-p.239 : al-Ḥikam al-ʻirfānīyah / ʻAlī ibn Ḥusām al-Dīn ibn ʻAbd al-Malik al-Junbūrī al-Hindī, al-shahīr bi-al-Muttaqī.</subfield></datafield><datafield tag="505" ind1="0" ind2=" "><subfield code="a">3. p.168-p.205 : [manāqib (menakıb) pertaining to various Naqshbandī masters including Saʻd al-Dīn Kāshgharī, ʻUbayd Allāh Aḥrār, Ḥasan ʻAṭṭār, etc. possibly constituting (even with the preceding silsile) excerpts from a Turkish rendering of Rashaḥāt-i ʻayn al-ḥayāt by Fakhr al-Dīn Ṣafī ʻAlī ibn Ḥusayn Kāshifī].</subfield></datafield><datafield tag="505" ind1="0" ind2=" "><subfield code="a">2. p.162-p.167 : Risalet Silsiletü'z-zeheb li's-sâde en-Nakşbendiye.</subfield></datafield><datafield tag="505" ind1="0" ind2=" "><subfield code="a">1. p.1-p.161 : Zübdetü'l-fuhûs fî Nakşi'l-Fusûs / İsmail Ankaravî.</subfield></datafield><datafield tag="510" ind1="4" ind2=" "><subfield code="a">Brockelmann, C. GAL,</subfield><subfield code="c">II 384</subfield></datafield><datafield tag="510" ind1="4" ind2=" "><subfield code="a">Brit. Mus. Cat. Turk. mss.,</subfield><subfield code="c">p. 235</subfield></datafield><datafield tag="510" ind1="4" ind2=" "><subfield code="a">Ḥājjī Khalīfah. Kashf al-ẓunūn,</subfield><subfield code="c">vi 380</subfield></datafield><datafield tag="520" ind1="8" ind2=" "><subfield code="a">Fine collection (majmūʻah / mecmua) opening with the Turkish commentary by İsmail Ankaravî on Ibn al-ʻArabī's (d.1240) Naqsh al-Fuṣūṣ, an abridged version of Fuṣūṣ al-ḥikam, followed by a silsile (silsilah) for the Naqshbandīyah order and menakıb (manāqib) of several masters, possibly constituting excerpts from a Turkish rendering of Rashaḥāt-i ʻayn al-ḥayāt by Fakhr al-Dīn Ṣafī ʻAlī ibn Ḥusayn Kāshifī (d. ca.1532), and concluding with a collection of maxims, precepts and companion verses from the Qurʼān compiled by ʻAlī ibn Ḥusām al-Dīn al-Muttaqī al-Hindī (d.1567). Contents listing for opening work on 'title page' (p.1).</subfield></datafield><datafield tag="538" ind1=" " ind2=" "><subfield code="a">Mode of access: Internet.</subfield></datafield><datafield tag="541" ind1=" " ind2=" "><subfield code="a">Acquired in 1926 from the bookseller Isaac Benjamin S.E. Yahuda via purchase transacted on his behalf by Abraham Shalom Yahuda (1877-1951), his younger brother.</subfield></datafield><datafield tag="546" ind1=" " ind2=" "><subfield code="a">Ottoman Turkish and Arabic.</subfield></datafield><datafield tag="561" ind1=" " ind2=" "><subfield code="a">Oval seal impression partially visible in hinge area of upper board lining ; several dated records (in Turkish) of events in Turkish appear on upper board lining (referencing 1 Jumādá II 1166 [ca. 5 April 1753]) and on p.240 (at least four statements, ; ownership statement on 'title page' (p.1) in name of Aḥmad al-ʻAlawī [?] ( Ahmet el-Alevi / احمد العلوى ), reads "تملكه الفقير الى رحمة ربه القدير احمد العلوى غفر لهما" ; waqf statement at opening on p.2 in name of Maḥmūd ibn al-Sayyid Bakr ibn al-Ḥājj Maḥmūd al-Mārādānī ( Mahmut b. Bekir b. Mahmut el-Mârâdânî / محمود بن السيد بكر بن الحاج محمد المارادانى / المارداني ) dated 27 Ramaḍān 1184 [ca. 14 January 1771] (brief statements for same waqf found elsewhere as well, i.e. p.162, 174, 189, etc.) ; also at opening on p.2, circular seal impression (likely dated 1167 [1753 or 4]) in name of Muḥammad Saʻīd ( محمد سعيد ) ; extensive glosses ; occasional marginal corrections (with signes de renvoi).</subfield></datafield><datafield tag="600" ind1="0" ind2="0"><subfield code="a">Ibn al-ʻArabī,</subfield><subfield code="d">1165-1240.</subfield><subfield code="t">Naqsh al-Fuṣūṣ.</subfield></datafield><datafield tag="650" ind1=" " ind2="0"><subfield code="a">Manuscripts, Arabic</subfield><subfield code="z">Michigan</subfield><subfield code="z">Ann Arbor.</subfield></datafield><datafield tag="650" ind1=" " ind2="0"><subfield code="a">Manuscripts, Turkish</subfield><subfield code="z">Michigan</subfield><subfield code="z">Ann Arbor.</subfield></datafield><datafield tag="650" ind1=" " ind2="0"><subfield code="a">Proverbs, Arabic</subfield><subfield code="v">Early works to 1800.</subfield></datafield><datafield tag="650" ind1=" " ind2="0"><subfield code="a">Islam</subfield><subfield code="v">Quotations, maxims, etc.</subfield><subfield code="v">Early works to 1800.</subfield></datafield><datafield tag="650" ind1=" " ind2="0"><subfield code="a">Naqshabandīyah</subfield><subfield code="v">Early works to 1800.</subfield></datafield><datafield tag="650" ind1=" " ind2="0"><subfield code="a">Naqshabandīyah</subfield><subfield code="v">Biography</subfield><subfield code="v">Early works to 1800.</subfield></datafield><datafield tag="650" ind1=" " ind2="0"><subfield code="a">Sufis</subfield><subfield code="v">Biography</subfield><subfield code="v">Early works to 1800.</subfield></datafield><datafield tag="650" ind1=" " ind2="0"><subfield code="a">Sufism</subfield><subfield code="v">Prayers and devotions</subfield><subfield code="v">Early works to 1800.</subfield></datafield><datafield tag="650" ind1=" " ind2="0"><subfield code="a">Sufism</subfield><subfield code="v">Early works to 1800.</subfield></datafield><datafield tag="700" ind1="0" ind2=" "><subfield code="6">880-09</subfield><subfield code="a">Derviş Mehmet,</subfield><subfield code="d">fl. 1696,</subfield><subfield code="e">scribe.</subfield></datafield><datafield tag="700" ind1="1" ind2="2"><subfield code="6">880-06</subfield><subfield code="a">Muttaqī, ʻAlī ibn ʻAbd al-Malik,</subfield><subfield code="d">-1567.</subfield><subfield code="t">Ḥikam al-ʻirfānīyah.</subfield></datafield><datafield tag="700" ind1="1" ind2="2"><subfield code="6">880-05</subfield><subfield code="a">Ṣafī, ʻAlī ibn Ḥusayn Kāshifī,</subfield><subfield code="d">1463-1532 or 1533.</subfield><subfield code="t">Rashaḥāt-i ʻayn al-ḥayāt.</subfield><subfield code="l">Turkish.</subfield><subfield code="k">Selections.</subfield></datafield><datafield tag="740" ind1="0" ind2="2"><subfield code="6">880-07</subfield><subfield code="a">Ḥikam ʻirfānīyah fī maʻānī irshādīyah wa-ishārāt Qurʼānīyah.</subfield></datafield><datafield tag="740" ind1="0" ind2="2"><subfield code="a">Reşehat-ı ayn ül-hayat</subfield></datafield><datafield tag="740" ind1="0" ind2="2"><subfield code="a">Reşehat-ı aynü'l-hayat</subfield></datafield><datafield tag="740" ind1="0" ind2="2"><subfield code="6">880-04</subfield><subfield code="a">Silsiletü'l-zeheb</subfield></datafield><datafield tag="740" ind1="0" ind2="2"><subfield code="6">880-04</subfield><subfield code="a">Risālat Silsilat al-dhahab lil-sādah al-Naqshbandīyah</subfield></datafield><datafield tag="740" ind1="0" ind2="2"><subfield code="6">880-04</subfield><subfield code="a">Risalet Silsiletü'z-zeheb li's-sâde en-Nakşbendiye</subfield></datafield><datafield tag="773" ind1="0" ind2=" "><subfield code="a">Yahuda Collection.</subfield></datafield><datafield tag="880" ind1="0" ind2=" "><subfield code="6">700-09/</subfield><subfield code="a">درويش محمد,</subfield><subfield code="e">ناسخ.</subfield></datafield><datafield tag="880" ind1="0" ind2="2"><subfield code="6">740-07/</subfield><subfield code="a">حكم عرفانية في معاني ارشادية واشارات قرآنية</subfield></datafield><datafield tag="880" ind1="1" ind2="2"><subfield code="6">700-06/</subfield><subfield code="a">متقي، علي بن عبد الملك.</subfield><subfield code="t">حكم العرفانية.</subfield></datafield><datafield tag="880" ind1="1" ind2="2"><subfield code="6">700-05/</subfield><subfield code="a">صفى, على بن حسين كاشفى.</subfield><subfield code="t">رشحات عين الحيات.</subfield><subfield code="l">Turkish.</subfield><subfield code="k">مختارات.</subfield></datafield><datafield tag="880" ind1="0" ind2="2"><subfield code="6">740-04/</subfield><subfield code="a">Silsiletü'z-zeheb</subfield></datafield><datafield tag="880" ind1="0" ind2="2"><subfield code="6">740-04/</subfield><subfield code="a">رسالت سلسلة الذهب للسادة النقشبندية</subfield></datafield><datafield tag="880" ind1="1" ind2="0"><subfield code="6">245-02/</subfield><subfield code="a">[زبدة الفحوص في نقش الفصوص ... الخ,</subfield><subfield code="f">حوالي 1107ه، 1696م].</subfield></datafield><datafield tag="880" ind1="0" ind2=" "><subfield code="6">100-01/</subfield><subfield code="a">اسماعيل انقروى.</subfield></datafield><datafield tag="CID" ind1=" " ind2=" "><subfield code="a">006813938</subfield></datafield><datafield tag="DAT" ind1="0" ind2=" "><subfield code="a">20190719102638.0</subfield><subfield code="b">20190719000000.0</subfield></datafield><datafield tag="DAT" ind1="1" ind2=" "><subfield code="a">20190719090653.0</subfield><subfield code="b">2019-07-19T16:11:53Z</subfield></datafield><datafield tag="DAT" ind1="2" ind2=" "><subfield code="a">2015-10-02T18:00:03Z</subfield></datafield><datafield tag="CAT" ind1=" " ind2=" "><subfield code="a">SDR-MIU</subfield><subfield code="d">EX LIBRIS - ALEPH</subfield><subfield code="l">prepare.pl-004-008</subfield></datafield><datafield tag="FMT" ind1=" " ind2=" "><subfield code="a">BK</subfield></datafield><datafield tag="HOL" ind1=" " ind2=" "><subfield code="0">sdr-miu006813938</subfield><subfield code="a">MiU</subfield><subfield code="b">SDR</subfield><subfield code="c">MIU</subfield><subfield code="p">mdp.39015079128636</subfield><subfield code="s">MIU</subfield><subfield code="1">006813938</subfield></datafield><datafield tag="974" ind1=" " ind2=" "><subfield code="b">MIU</subfield><subfield code="c">MIU</subfield><subfield code="d">20190719</subfield><subfield code="s">lit-dlps-dc</subfield><subfield code="u">mdp.39015079128636</subfield><subfield code="y">1696</subfield><subfield code="r">pd</subfield><subfield code="q">bib</subfield><subfield code="t">non-US bib date1 &lt; 1879</subfield></datafield></record></collection>